<?xml version="1.0" encoding="UTF-8"?><collection xmlns="http://www.loc.gov/MARC21/slim"><record><leader>00491nam--2200145-i-4500</leader><controlfield tag="001">000041560</controlfield><controlfield tag="002">20161230</controlfield><controlfield tag="005">20161230201043</controlfield><controlfield tag="008">060222s1000------------r-----000-0-eng-d</controlfield><datafield ind1=" " ind2=" " tag="080"><subfield code="a">621.374.3:681.32</subfield></datafield><datafield ind1=" " ind2=" " tag="100"><subfield code="a">Sifferlen,Thomas P. And Vartanian,Vartan</subfield></datafield><datafield ind1=" " ind2=" " tag="245"><subfield code="a">Digital electronics with engineering applications</subfield></datafield><datafield ind1=" " ind2=" " tag="260"><subfield code="a">Englewood Cliffs, N.J.,Prenstice-hall,Inc.,1970. Ix + 307 P</subfield></datafield><datafield ind1=" " ind2=" " tag="490"><subfield code="a">Prentice-hall Series In Computer Applications In Electrical Engineering</subfield></datafield><datafield ind1=" " ind2=" " tag="852"><subfield code="a">39424</subfield></datafield></record></collection>